<?xml version="1.0" encoding="UTF-8"?><collection xmlns="http://www.loc.gov/MARC21/slim"><record><leader>00542nam--2200181-i-4500</leader><controlfield tag="001">000046692</controlfield><controlfield tag="002">20161230</controlfield><controlfield tag="005">20161230201046</controlfield><controlfield tag="008">060222s1000------------r-----000-0-eng-d</controlfield><datafield ind1=" " ind2=" " tag="040"><subfield code="a">IFIN-HH</subfield></datafield><datafield ind1=" " ind2=" " tag="080"><subfield code="a">530.1:533.9.01</subfield></datafield><datafield ind1="1" ind2=" " tag="100"><subfield code="a">Vlasov,A.A</subfield></datafield><datafield ind1="1" ind2="0" tag="245"><subfield code="a">Many-particle theory and its applicatiion to plasma</subfield><subfield code="c">A.A. Vlasov</subfield></datafield><datafield ind1=" " ind2=" " tag="260"><subfield code="a">New York, Gordon And Breach, 1961</subfield></datafield><datafield ind1=" " ind2=" " tag="300"><subfield code="a">413 P</subfield></datafield><datafield ind1=" " ind2=" " tag="490"><subfield code="a">Russian Monographs And Texts On Advanced Mathematics And Physics</subfield><subfield code="v">Vol. VII</subfield></datafield><datafield ind1=" " ind2=" " tag="852"><subfield code="a">36638</subfield><subfield code="c">533.9</subfield></datafield><datafield ind1=" " ind2=" " tag="CAT"><subfield code="a">Sys</subfield><subfield code="c">20100923</subfield><subfield code="h">150313</subfield></datafield></record></collection>